@article{test,
  author = {Author},
  title = {Title},
  journaltitle= {JT},
  year= {2020}
}
